@inproceedings{mentzelopoulos2015hardware,
  title={Hardware Interfaces for VR Applications: Evaluation on Prototypes},
  author={Mentzelopoulos, Markos and Tarpini, Filippo and Emanuele, Agazio and Protopsaltis, Aristidis},
  booktitle={Computer and Information Technology; Ubiquitous Computing and Communications; Dependable, Autonomic and Secure Computing; Pervasive Intelligence and Computing (CIT/IUCC/DASC/PICOM), 2015 IEEE International Conference on},
  pages={1578--1583},
  year={2015},
  organization={IEEE}
}

@inproceedings{hvannberg2012exploitation,
  title={Exploitation of heuristics for virtual environments},
  author={Hvannberg, Ebba Thora and Halld{\'o}rsd{\'o}ttir, Gyda and Rudinsky, Jan},
  booktitle={Proceedings of the 7th Nordic Conference on Human-Computer Interaction: Making Sense Through Design},
  pages={308--317},
  year={2012},
  organization={ACM}
}

@inproceedings{venta2014investigating,
  title={Investigating the balance between virtuality and reality in mobile mixed reality UI design: user perception of an augmented city},
  author={Vent{\"a}-Olkkonen, Leena and Posti, Maaret and Koskenranta, Olli and H{\"a}kkil{\"a}, Jonna},
  booktitle={Proceedings of the 8th Nordic Conference on Human-Computer Interaction: Fun, Fast, Foundational},
  pages={137--146},
  year={2014},
  organization={ACM}
}

@article{won2015homuncular,
  title={Homuncular flexibility in virtual reality},
  author={Won, Andrea Stevenson and Bailenson, Jeremy and Lee, Jimmy and Lanier, Jaron},
  journal={Journal of Computer-Mediated Communication},
  volume={20},
  number={3},
  pages={241--259},
  year={2015},
  publisher={Wiley Online Library}
}

@inproceedings{rosa2016re,
  title={(Re-) examination of multimodal augmented reality},
  author={Rosa, NE and Werkhoven, Peter J and H{\"u}rst, WO},
  booktitle={MVAR'16: Proceedings of the 2016 workshop on Multimodal Virtual and Augmented Reality},
  year={2016},
  organization={ACM}
}

@article{madary2016real,
  title={Real virtuality: a code of ethical conduct. recommendations for good scientific practice and the consumers of vr-technology},
  author={Madary, Michael and Metzinger, Thomas K},
  journal={Frontiers in Robotics and AI},
  volume={3},
  pages={3},
  year={2016},
  publisher={Frontiers}
}

 @article{murray2006can,
  title={Can immersive virtual reality reduce phantom limb pain},
  author={Murray, Craig D and Patchick, Emma L and Caillette, Fabrice and Howard, Toby and Pettifer, Stephen},
  journal={Stud Health Technol Inform},
  volume={119},
  pages={407--12},
  year={2006}
}

@article{milgram1994taxonomy,
  title={A taxonomy of mixed reality visual displays},
  author={Milgram, Paul and Kishino, Fumio},
  journal={IEICE TRANSACTIONS on Information and Systems},
  volume={77},
  number={12},
  pages={1321--1329},
  year={1994},
  publisher={The Institute of Electronics, Information and Communication Engineers}
}

@inproceedings{nielsen1994enhancing,
  title={Enhancing the explanatory power of usability heuristics},
  author={Nielsen, Jakob},
  booktitle={Proceedings of the SIGCHI conference on Human Factors in Computing Systems},
  pages={152--158},
  year={1994},
  organization={ACM}
}

@article{sutcliffe2004heuristic,
  title={Heuristic evaluation of virtual reality applications},
  author={Sutcliffe, Alistair and Gault, Brian},
  journal={Interacting with computers},
  volume={16},
  number={4},
  pages={831--849},
  year={2004},
  publisher={Oxford University Press Oxford, UK}
}

@inproceedings{pinelle2008heuristic,
  title={Heuristic evaluation for games: usability principles for video game design},
  author={Pinelle, David and Wong, Nelson and Stach, Tadeusz},
  booktitle={Proceedings of the SIGCHI Conference on Human Factors in Computing Systems},
  pages={1453--1462},
  year={2008},
  organization={ACM}
}

@article{squires1999predicting,
  title={Predicting quality in educational software: Evaluating for learning, usability and the synergy between them},
  author={Squires, David and Preece, Jenny},
  journal={Interacting with computers},
  volume={11},
  number={5},
  pages={467--483},
  year={1999},
  publisher={Oxford University Press Oxford, UK}
}

@article{kalawsky1999vruse,
  title={VRUSEâ€”a computerised diagnostic tool: for usability evaluation of virtual/synthetic environment systems},
  author={Kalawsky, Roy S},
  journal={Applied ergonomics},
  volume={30},
  number={1},
  pages={11--25},
  year={1999},
  publisher={Elsevier}
}

@article{bordegoni2009evaluation,
  title={Evaluation of a haptic-based interaction system for virtual manual assembly},
  author={Bordegoni, Monica and Cugini, Umberto and Belluco, Paolo and Aliverti, Marcello},
  journal={Virtual and Mixed Reality},
  pages={303--312},
  year={2009},
  publisher={Springer}
}

@inproceedings{jang2011overlapping,
  title={Overlapping and synchronizing two worlds},
  author={Jang, Daesung and Kim, Joon-Seok and Li, Ki-Joune and Joo, Chi-Hyun},
  booktitle={Proceedings of the 19th ACM SIGSPATIAL International Conference on Advances in Geographic Information Systems},
  pages={493--496},
  year={2011},
  organization={ACM}
}

@inproceedings{olsson2011online,
  title={Online user survey on current mobile augmented reality applications},
  author={Olsson, Thomas and Salo, Markus},
  booktitle={Mixed and Augmented Reality (ISMAR), 2011 10th IEEE International Symposium on},
  pages={75--84},
  year={2011},
  organization={IEEE}
}












